% gatsby
@Article{gatsby,
   Author="Francis Scott Key Fitzgerald",
   Title="{{T}he {G}reat {G}atsby}",
   Journal="Shin-cho",
   Year="1896",
   Volume="63",
   Number="6",
   Pages="419--429",
   Month="Jun"
}
